<record><leader>00000cas a22000007a 4500</leader><controlfield tag="001">17899821</controlfield><controlfield tag="008">880505u18uuuuuutxucr ne      0    0eng d</controlfield><datafield ind1=" " ind2=" " tag="010"><subfield code="a">sn 88083421 </subfield></datafield><datafield ind1=" " ind2=" " tag="040"><subfield code="a">PPM</subfield><subfield code="b">eng</subfield><subfield code="c">PPM</subfield><subfield code="d">UKMGB</subfield><subfield code="d">OCLCQ</subfield></datafield><datafield ind1="7" ind2=" " tag="016"><subfield code="a">012399976</subfield><subfield code="2">Uk</subfield></datafield><datafield ind1=" " ind2=" " tag="042"><subfield code="a">msc</subfield></datafield><datafield ind1="0" ind2="4" tag="245"><subfield code="a">The Coming century.</subfield></datafield><datafield ind1=" " ind2=" " tag="260"><subfield code="a">Cleburne, Tex. :</subfield><subfield code="b">Lockwood &amp; Price</subfield></datafield><datafield ind1=" " ind2=" " tag="310"><subfield code="a">Semiweekly</subfield></datafield><datafield ind1=" " ind2=" " tag="588"><subfield code="a">Description based on: Vol. 1, no. (Oct. 21, 1896).</subfield></datafield><datafield ind1=" " ind2=" " tag="752"><subfield code="a">United States</subfield><subfield code="b">Texas</subfield><subfield code="c">Johnson</subfield><subfield code="d">Cleburne.</subfield></datafield><datafield ind1="1" ind2=" " tag="029"><subfield code="a">AU@</subfield><subfield code="b">000025799529</subfield></datafield></record>